<?xml version="1.0" encoding="UTF-8"?><collection xmlns="http://www.loc.gov/MARC21/slim"><record><leader>00605nam--2200181-i-4500</leader><controlfield tag="001">000015221</controlfield><controlfield tag="002">20161230</controlfield><controlfield tag="005">20161230201031</controlfield><controlfield tag="008">060222s1000------------r-----000-0-eng-d</controlfield><datafield ind1=" " ind2=" " tag="020"><subfield code="a">3540060499</subfield></datafield><datafield ind1=" " ind2=" " tag="040"><subfield code="a">IFIN-HH</subfield></datafield><datafield ind1=" " ind2=" " tag="080"><subfield code="a">57.086.3</subfield></datafield><datafield ind1="1" ind2=" " tag="100"><subfield code="a">Koehler, J.K</subfield></datafield><datafield ind1="1" ind2="0" tag="245"><subfield code="a">Advanced techniques in biological electron microscopy</subfield><subfield code="b">With contribution by s. bullivant, j. frank, k. hama, t.r. hayes, j.h. luft, f.a. mchenry, d.c. pease, m.m. salpeter</subfield><subfield code="c">J.k. koehler (ed.)</subfield></datafield><datafield ind1=" " ind2=" " tag="260"><subfield code="a">Berlin</subfield><subfield code="b">Springer-verlag</subfield><subfield code="c">1973</subfield></datafield><datafield ind1=" " ind2=" " tag="300"><subfield code="a">XI +304P</subfield></datafield><datafield ind1=" " ind2=" " tag="852"><subfield code="a">77530</subfield><subfield code="c">537.533.35</subfield></datafield><datafield ind1=" " ind2=" " tag="CAT"><subfield code="a">Sys</subfield><subfield code="c">20110915</subfield><subfield code="h">111916</subfield></datafield></record></collection>